% This file was created with JabRef 2.10.
% Encoding: UTF8


@Misc{Abramson91constructingschool,
  Title                    = {Constructing School Timetables using Simulated Annealing: Sequential and Parallel Algorithms},

  Author                   = {D. Abramson},
  Year                     = {1991}
}

@InProceedings{Abramson92aparallel,
  Title                    = {A Parallel Genetic Algorithm for Solving the School Timetabling Problem},
  Author                   = {D. Abramson and J. Abela},
  Booktitle                = {Division of Information Technology, C.S.I.R.O},
  Year                     = {1992}
}

@TechReport{cook_complexity,
  Title                    = {The Complexity of Theorem-Proving Procedures},
  Author                   = {Stephen A. Cook},
  Institution              = {University of Toronto},
  Year                     = {1971},

  Owner                    = {knobli},
  Timestamp                = {2015.03.01},
  Url                      = {http://www.cs.toronto.edu/~sacook/homepage/1971.pdf}
}

@TechReport{p_neq_np_paper,
  Title                    = {P != NP},
  Author                   = {Vinay Deolalikar},
  Institution              = {HP Research Labs, Palo Alto},
  Year                     = {2010},

  Owner                    = {knobli},
  Timestamp                = {2015.03.01},
  Url                      = {http://www.win.tue.nl/~gwoegi/P-versus-NP/Deolalikar.pdf}
}

@Electronic{pic_p_np,
  Title                    = {P np np-complete np-hard},
  Author                   = {Behnam Esfahbod},
  Month                    = {März},
  Note                     = {Lizenziert unter CC BY-SA 3.0 über Wikimedia Commons},
  Url                      = {http://commons.wikimedia.org/wiki/File:P_np_np-complete_np-hard.svg#mediaviewer/File:P_np_np-complete_np-hard.svg},
  Year                     = {2015},

  Owner                    = {knobli},
  Timestamp                = {2015.03.01}
}

@Book{gof_book,
  Title                    = {Design Patterns: Elements of Reusable Object-Oriented Software},
  Author                   = {Gamma, Erich and Helm, Richard and Johnson, Ralph and Vlissides, John},
  Publisher                = {Addison-Wesley Professional Computing Series},
  Year                     = {2009},

  Owner                    = {knobli},
  Timestamp                = {2014.09.17}
}

@Book{garey1979computers,
  Title                    = {Computers and Intractability: A Guide to the Theory of NP-Completeness},
  Author                   = {Garey, M.R. and Johnson, D.S.},
  Publisher                = {W. H. Freeman},
  Year                     = {1979},
  Series                   = {A Series of books in the mathematical sciences},

  Lccn                     = {lc78012361}
}

@Book{soft_arch_book,
  Title                    = {Basiswissen für Softwarearchitekten},
  Author                   = {Gharbi, Mahbouba and Koschel, Arne and Rausch, Andreas and Starke, Gernot},
  Editor                   = {Preisendanz, Christa},
  Publisher                = {dpunkt.verlag GmbH},
  Year                     = {2013},

  Owner                    = {knobli},
  Timestamp                = {2014.09.17}
}

@Electronic{unit_express,
  Title                    = {Stundenplan Software für Schulen - UntisExpress},
  Author                   = {Gruber \& Petters GmbH},
  Month                    = {März},
  Url                      = {http://www.school-timetabling.com/},
  Year                     = {2015},

  Owner                    = {knobli},
  Timestamp                = {2015.03.23}
}

@InCollection{framework_timetabling,
  Title                    = {A Standard Framework for Timetabling Problems},
  Author                   = {Gröbner, Matthias and Wilke, Peter and Büttcher, Stefan},
  Booktitle                = {Practice and Theory of Automated Timetabling IV},
  Publisher                = {Springer Berlin Heidelberg},
  Year                     = {2003},
  Editor                   = {Burke, Edmund and De Causmaecker, Patrick},
  Series                   = {Lecture Notes in Computer Science},

  ISBN                     = {978-3-540-40699-0},
  Language                 = {English}
}

@Book{proj_mgmt_book,
  Title                    = {Basiswissen - Software-Projektmanagement},
  Author                   = {Hindel, Bernd and Hörmann, Klaus and Müller, Markus and Schmied, Jürgen},
  Editor                   = {Preisendanz, Christa},
  Publisher                = {dpunkt.verlag GmbH},
  Year                     = {2009},
  Edition                  = {3., überarbeitete und erweiterte Auflage},

  Owner                    = {knobli},
  Timestamp                = {2014.09.10}
}

@Book{hopcroft2011einfuehrung,
  Title                    = {Einf{\"u}hrung in Automatentheorie, Formale Sprachen und Berechenbarkeit},
  Author                   = {Hopcroft, J.E. and Motwani, R. and Ullman, J.D.},
  Publisher                = {Pearson Deutschland},
  Year                     = {2011},
  Series                   = {Pearson Studium - IT},

  ISBN                     = {9783868940824}
}

@Conference{ieee_exam_table_graph_coloring,
  Title                    = {IEEE Conference on Open Systems},
  Author                   = {Hussin, Burairah and Basari, Abd Samad Hasan and Shibghatullah, Abdul Samad and Asmai, Siti Azirah},
  Booktitle                = {Exam Timetabling Using Graph Colouring Approach},
  Year                     = {2011},

  Owner                    = {knobli},
  Timestamp                = {2015.03.23},
  Url                      = {https://www.google.ch/url?sa=t&rct=j&q=&esrc=s&source=web&cd=1&cad=rja&uact=8&ved=0CCMQFjAA&url=http%3A%2F%2Fwww.researchgate.net%2Fprofile%2FA_Shibghatullah%2Fpublication%2F229034327_Exam_timetabling_using_graph_colouring_approach%2Flinks%2F02bfe514251e98fb63000000.pdf&ei=BrYPVaTQIcPtatWogtgO&usg=AFQjCNFpp7hRd-G_OS4u5ixapPedXYL0eg&sig2=HLDvlKTgjH-SnVoNa7p_-w}
}

@TechReport{time_table_constraint_opti_ea,
  Title                    = {Time Table and Scheduled Meetings Problem - Constraint Optimization through Evolutionary Algorithm},
  Author                   = {Jaffer, Muhammad Asif},
  Institution              = {Institute of Business Administration Karachi, Pakistan},
  Year                     = {2014},

  Owner                    = {knobli},
  Timestamp                = {2015.03.23},
  Url                      = {http://www.academia.edu/6106691/Time_Table_and_Scheduled_Meetings_Problem_Constraint_Optimization_through_Evolutionary_Algorithm}
}

@Book{kellerer2004knapsack,
  Title                    = {Knapsack Problems},
  Author                   = {Kellerer, H. and Pferschy, U. and Pisinger, D.},
  Publisher                = {Springer},
  Year                     = {2004},

  ISBN                     = {9783540402862},
  Lccn                     = {2004299674}
}

@TechReport{time_table_graph_coloring,
  Title                    = {Student Time Table by using Graph Coloring Algorithm},
  Author                   = {Koyuncu, Baki and Seçir, Mahmut},
  Institution              = {Ankara University Computer Engineering Department},

  Owner                    = {knobli},
  Timestamp                = {2015.03.23}
}

@Book{krumke2012graphentheoretische,
  Title                    = {Graphentheoretische Konzepte und Algorithmen},
  Author                   = {Krumke, S.O. and Noltemeier, H.},
  Publisher                = {Vieweg+Teubner Verlag},
  Year                     = {2012},
  Series                   = {Leitf{\"a}den der Informatik},

  ISBN                     = {9783834822642}
}

@Unpublished{tsp_semesterarbeit,
  Title                    = {R\&R Route Planer - Traveling Salesman Problem},
  Author                   = {Lickel, Roman and Santschi, Raffael},
  Note                     = {Semesterarbeit 2013 im Bereich Algorithmen},

  Owner                    = {knobli},
  Timestamp                = {2015.03.23}
}

@Electronic{p_neq_np_paper_blog,
  Title                    = {Fatal Flaws in Deolalikar’s Proof?},
  Author                   = {Richard J. Lipton},
  Month                    = {August},
  Url                      = {https://rjlipton.wordpress.com/2010/08/12/fatal-flaws-in-deolalikars-proof/},
  Year                     = {2010},

  Owner                    = {knobli},
  Timestamp                = {2015.03.01}
}

@Electronic{knapsack_desc_web,
  Title                    = {Algorithmus der Woche - Informatikjahr 2006},
  Author                   = {Nagl, Manfred},
  Month                    = {März},
  Url                      = {http://www-i1.informatik.rwth-aachen.de/~algorithmus/algo15.php},
  Year                     = {2015},

  Owner                    = {knobli},
  Timestamp                = {2015.03.30}
}

@Book{pearson2004decision,
  Title                    = {Decision Maths 1},
  Author                   = {Pearson, D. and Bryant, V.},
  Publisher                = {Pearson Education},
  Year                     = {2004},
  Series                   = {Advanced Maths for Aqa},

  ISBN                     = {9780435513351},
  Url                      = {http://www.suffolkmaths.co.uk/pages/Maths%20Projects/Projects/Topology%20and%20Graph%20Theory/Chinese%20Postman%20Problem.pdf}
}

@Conference{backtracking,
  Title                    = {Bäume und Backtracking},
  Author                   = {Pierhöfer, Harald},
  Year                     = {2011},

  Owner                    = {knobli},
  Timestamp                = {2015.03.30},
  Url                      = {http://www.educ.ethz.ch/unt/um/inf/ad/baume3/Backtracking.pdf}
}

@Book{req_eng_book,
  Title                    = {Basiswissen - Requirements Engineering},
  Author                   = {Pohl, Klaus and Rupp, Chris},
  Editor                   = {Preisendanz, Christa and Schönfeldt, René and Lötsch, Nina},
  Publisher                = {dpunkt.verlag GmbH},
  Year                     = {2011},
  Edition                  = {3., korrigierte Auflage},

  Owner                    = {knobli},
  Timestamp                = {2014.07.11}
}

@Misc{slides_p_np,
  Title                    = {Die Klassen P und NP},

  Author                   = {Dr. Eva Richter},
  Month                    = {Juni},
  Year                     = {2012},

  Owner                    = {knobli},
  Timestamp                = {2015.03.01},
  Url                      = {http://apache.cs.uni-potsdam.de/de/profs/ifi/theorie/lehre/ss12/ti2-ss12/folien/Folien11-PundNP.pdf/at_download/file}
}

@PhdThesis{tsp_algorithmen,
  Title                    = {Approximationsalgorithmen am Beispiel des Traveling Salesman Problem},
  Author                   = {Sautter, Leonie},
  School                   = {Karlsruher Institut für Technologie},
  Year                     = {2012},

  Owner                    = {knobli},
  Timestamp                = {2015.03.23},
  Url                      = {http://parco.iti.kit.edu/henningm/Seminar-AT/seminar-arbeiten/Sautter_final.pdf}
}

@Conference{seminar_algo_graph,
  Title                    = {Algorithmische Graphentheorie},
  Author                   = {Robert Siegfried},
  Year                     = {2003},

  Owner                    = {knobli},
  Timestamp                = {2015.03.16},
  Url                      = {http://www.rsiegfried.de/files/fhw/2003_Faerbungen_auf_Graphen.pdf}
}

@Conference{seminar_rob_graphen,
  Title                    = {Färbungen auf Graphen},
  Author                   = {Robert Siegfried},
  Year                     = {2003},

  Owner                    = {knobli},
  Timestamp                = {2015.03.16},
  Url                      = {http://www.rsiegfried.de/files/fhw/2003_Faerbungen_auf_Graphen_Slides.pdf}
}

@Book{test_soft_book,
  Title                    = {Basiswissen Softwaretest},
  Author                   = {Spillner, Andreas and Linz, Tilo},
  Editor                   = {Preisendanz, Christa},
  Publisher                = {dpunkt.verlag GmbH},
  Year                     = {2012},
  Edition                  = {5., überarbeitete und aktualisierte Auflage},

  Owner                    = {knobli},
  Timestamp                = {2014.09.17}
}

@Standard{iso_9126,
  Title                    = {ISO/IEC 9126-1:2001 Software engineering - Product quality},

  Owner                    = {knobli},
  Timestamp                = {2014.09.17}
}

@Electronic{inheritance_java,
  Title                    = {Java Persistence/Inheritance - Wikibooks, open books for an open world},
  Month                    = {Mai},
  Url                      = {http://en.wikibooks.org/wiki/Java_Persistence/Inheritance},
  Year                     = {2014},

  Owner                    = {knobli},
  Timestamp                = {2014.09.17}
}

@Electronic{sonar,
  Title                    = {SonarSource - Continuous Inspection of Code Quality},
  Month                    = {Mai},
  Url                      = {http://www.sonarsource.com/},
  Year                     = {2014},

  Owner                    = {knobli},
  Timestamp                = {2014.09.17}
}

@Electronic{wiki_orm,
  Title                    = {Objektrelationale Abbildung},
  Month                    = {September},
  Url                      = {http://de.wikipedia.org/wiki/Objektrelationale_Abbildung},
  Year                     = {2014},

  Owner                    = {knobli},
  Timestamp                = {2014.09.17}
}

@Electronic{wiki_restful,
  Title                    = {Representational State Transfer},
  Month                    = {September},
  Url                      = {http://de.wikipedia.org/wiki/Representational_State_Transfer},
  Year                     = {2014},

  Owner                    = {knobli},
  Timestamp                = {2014.09.17}
}

@Electronic{pic_greedy_algo,
  Title                    = {Greedy search path example},
  Month                    = {April},
  Url                      = {http://commons.wikimedia.org/wiki/File:Greedy-search-path-example.gif},
  Year                     = {2011},

  Owner                    = {knobli},
  Timestamp                = {2015.04.13}
}

